@article{flight_test_soaring_NASA,
  title={Guidance and control of an autonomous soaring vehicle with flight test results},
  author={Allen, Michael J and Lin, Victor},
  booktitle={AIAA Aerospace Sciences Meeting and Exhibit, AIAA Paper},
  volume={867},
  year={2007}
}

@article{flight_test_soaring_NCU,
  title={Implementation details and flight test results of an autonomous soaring controller},
  author={Edwards, Daniel J},
  journal={North Carolina State University},
  year={2008}
}

@inproceedings{allen2005autonomous,
  title={Autonomous soaring for improved endurance of a small uninhabited air vehicle},
  author={Allen, Michael J},
  booktitle={Proceedings of the 43rd Aerospace Sciences Meeting, AIAA},
  year={2005}
}

@article{GK,
  title={State-space representation of aerodynamic characteristics of an aircraft at high angles of attack},
  author={Goman, M and Khrabrov, A},
  journal={Journal of Aircraft},
  volume={31},
  number={5},
  pages={1109--1115},
  year={1994}
}

@BOOK{HK,
   AUTHOR={H. Kopka and P. W. Daly},
   TITLE={A Guide to LaTeX},
   PUBLISHER={Addison-Wesley},
   ADDRESS={Reading, MA},
   YEAR=1999.
 }

@BOOK{MG,
   AUTHOR={M. Goossens and F. Mittelbach and A. Samarin},
   TITLE={A LaTeX Companion},
   PUBLISHER={Addison-Wesley},
   ADDRESS={Reading, MA},
   YEAR=1994.
 }
@ARTICLE{Pan,
    AUTHOR={D. Pan},
    TITLE={A Tutorial on MPEG/Audio Compression},
    JOURNAL={IEEE Multimedia},
    YEAR={1995},
    VOLUME= {2} ,
    PAGES={60-74},
    MONTH={Summer}.

}

@INPROCEEDINGS{Boney96,
AUTHOR={L. Boney and A. H. Tewfik and K. N. Hamdy},
TITLE={Digital Watermarks for Audio Signals},
booktitle={Proceedings of the Third IEEE International Conference on Multimedia},
PAGES={473-480},
MONTH={June},
YEAR={1996}.
}
